% Encoding: UTF-8




@inproceedings{conf1,
	Author = {Незнахин, Д. C. and Ярославцев, А. А.},
	Booktitle = {Проблемы теоретической и экспериментальной химии : тез. докл. XXV Рос. молодеж. науч. конф., посвящ. 95-летию основания Урал. ун-та},
	Isbn = {9785799611454},
	Language = {russian},
	Pages = {363},
	Publisher = {Урал. ун-та},
	Title = {Парамагнетизм сульфосоли Cu\textsubscript{3}AsSe\textsubscript{3} в интервале температур от 4 до 350 K},
	Year = {2015}}

@conference{conf2,
	Author = {Ярославцев, А. А. and Незнахин, Д. C. and Аликин, Д. О.},
	Booktitle = {Вторая Всероссийская молодежная научно-техническая конференция с международным участием "ИННОВАЦИИ В МАТЕРИАЛОВЕДЕНИИ": сб. материалов},
	Isbn = {9785425308283},
	Language = {russian},
	Pages = {96--97},
	Publisher = {Ин-т металлургии и материаловедения им. А.А. Байкова РАН},
	Title = {Магнитная восприимчивость сульфосоли Cu\textsubscript{12}As\textsubscript{4}S\textsubscript{13} в интервале температур от 4 до 350 К},
	Year = {2015}}

@conference{conf3,
	Author = {Yaroslavzev, A. A. and Neznahin, D. S. and Alikin, D. O. and Babushkin, A. N.},
	Booktitle = {Фазовые переходы, критические и нелинейные явления в конденсированных средах: тез. Междунар. Конф., посв. 80-летию чл.-кор. РАН И.К. Камилова},
	Editor = {М. А. Загребин},
	Isbn = {9785727113158},
	Language = {russian},
	Pages = {83},
	Publisher = {Изд-во Челяб. Гос.},
	Title = {Magnetic susceptibility of sulfosalts Cu\textsubscript{12}As\textsubscript{4}S\textsubscript{13} and Cu\textsubscript{12}As\textsubscript{4}Se\textsubscript{13} at temperatures ranging from 4 to 350 K.},
	Year = {2015}}

@conference{conf4,
	Author = {Ярославцев, А. А.},
	Booktitle = {ХII Российская ежегодная конференция молодых научных сотрудников и аспирантов «Физико-химия и технология неорганических материалов»},
	Editor = {Бахтизин Р.З.},
	Issn = {24133167},
	Language = {russian},
	Pages = {527},
	Publisher = {ИМЕТ РАН},
	Title = {Влияние термической обработки на фазовый состав и микротвердость соединений типа Cu\textsubscript{12}V\textsubscript{4}VI\textsubscript{13} (V --- As, Sb; VI --- S, Se)},
	Year = {2015}}

@conference{conf5,
	Author = {Ярославцев, А. А. and Незнахин, Д. C. and Аликин, Д. О. and Мякушко, З. А. and Бабушкин, А. Н.},
	Booktitle = {Актуальные проблемы нано- и микроэлектроники: сборник тезисов докладов III Всероссийской научной молодежной конференции},
	Editor = {Бахтизин Р.З.},
	Isbn = {9785747737068},
	Language = {russian},
	Pages = {232},
	Publisher = {РИЦ БашГУ},
	Title = {Влияние изовалентного замещения в системе Cu\textsubscript{12}V\textsubscript{4}S\textsubscript{13} (V --- As, Sb) на магнитные свойства},
	Year = {2015}}

@conference{conf6,
	Author = {Yaroslavzev, A. A. and Neznahin, D. S. and Alikin, D. O.},
	Booktitle = {Тезисы докладов III Международной молодёжной научной конференции: Физика. Технологии. Инновации ФТИ-2016 (16--20 мая 2016 г.)},
	Language = {russian},
	Pages = {169--170},
	Publisher = {УрФУ},
	Title = {Structural changes in the compounds Cu\textsubscript{12}As\textsubscript{4}S\textsubscript{13} and Cu\textsubscript{12}Sb\textsubscript{4}S\textsubscript{13}},
	Year = {2016}}

@conference{conf7,
	Address = {Москва, г. Троицк, Октябрьский проспект, д. 12},
	Author = {Ярославцев, А. А.},
	Booktitle = {Международная конференция молодых ученых, работающих в области углеродных материалов},
	Date-Modified = {2017-11-30 15:36:18 +0000},
	Language = {russian},
	Pages = {160},
	Publisher = {ТИСНУМ},
	Title = {Особенности намагниченности и теплоёмкости монокристаллического синтетического теннантита Cu\textsubscript{12}As\textsubscript{4}S\textsubscript{13} в диапазоне температур от 2 до 350 К},
	Year = {2016}}

@conference{conf8,
	Author = {Ярославцев, А. А. and Миронов, А. В. and Тарелкин, С. А.},
	Booktitle = {Cедьмая международная конференция «КРИСТАЛЛОФИЗИКА И ДЕФОРМАЦИОННОЕ ПОВЕДЕНИЕ ПЕРСПЕКТИВНЫХ МАТЕРИАЛОВ» посвященная памяти профессора С.С. Горелика},
	Isbn = {978-5-906953-261},
	Pages = {239},
	Title = {Особенности структуры монокристаллического синтетического теннантита Cu\textsubscript{12}As\textsubscript{4}S\textsubscript{13} и теплоёмкости в диапазоне температур от 2 до 350 к.},
	Year = {2017}}

@Comment{jabref-meta: databaseType:bibtex;}
