% Encoding: UTF-8
%% This BibTeX bibliography file was created using BibDesk.
%% http://bibdesk.sourceforge.net/

%% Created for Boris at 2017-09-21 22:42:41 +0300


%% Saved with string encoding Unicode (UTF-8)

@Article{vakbibl1,
  author        = {Ярославцев, А. А. and Незнахин, Д. С. and Аликин, Д. О. and Бабушкин, А. Н.},
  title         = {Магнитный фазовый переход в синтетическом теннантите Cu\textsubscript{12}As\textsubscript{4}S\textsubscript{13} в диапазоне температур 120--130 К},
  journal       = {Перспективные материалы},
  year          = {2016},
  volume        = {2},
  pages         = {12--16},
  date-added    = {2017-09-21 19:41:41 +0000},
  date-modified = {2017-09-21 19:42:01 +0000},
  language      = {russian},
}

@Article{vakbibl2,
  author   = {Ярославцев, А. А. and Незнахин, Д. С. and Тарелкин, С. А.},
  title    = {Теплоемкость и намагниченность синтетического мгриита в диапазоне температур от 2 до 350 К},
  journal  = {Изв. вузов. Химия и хим. технология},
  year     = {2017},
  volume   = {9},
  number   = {60},
  pages    = {39--44},
  doi      = {10.6060/tcct.2017609.10%D1%83},
  language = {russian},
}

@Article{vakbibl4,
  author  = {Толмачев, Т. П. and Пилюгин, В. П. and Ярославцев, А. А.},
  title   = {Фрактографическое исследование механически синтезированных Cu-Zn и Cu-Ag сплавов после холодной и криодеформации},
  journal = {Вестник Тамбовского университета. Серия: Естественные и технические науки},
  year    = {2013},
  volume  = {18},
  number  = {4},
  pages   = {1659--1660},
  issn    = {1810-0198},
}

@Article{vakbibl5,
  author   = {Polyakov,S. N. and Artyukov, I. A. and Blank,V. D. and Zholudev, S. I. and Feshchenko, R. M. and Popov, N. L. and Yaroslavtsev, A. A. and Vinogradov, A. V.},
  title    = {Evaluation of laser-electron x-ray source and related optics for x-ray diffractometry and topography},
  journal  = {Proceedings SPIE},
  year     = {2017},
  volume   = {10243},
  pages    = {102430Y},
  doi      = {10.1117/12.2264976},
  language = {russian},
}

@Article{vakbibl6,
  author          = {Толмачев, Т. П. and Пилюгин, В. П. and Антонова, О. В. and Анчаров, А. И. and Пацелов, А. М. and Чернышев, Е. Г. and Ярославцев, А. А.},
  title           = {Структурные особенности сплавов Cu---Ag, полученных механосплавлением холодной и криогенной мегапластической деформацией},
  journal         = {Материаловедение},
  year            = {2018},
  number          = {8},
  pages           = {7--12},
  abstract        = {Выявлены структурные особенности сплавов Cu—Ag, механически синтезированных мегапластической деформацией под давлением в условиях комнатной и криогенной температур, с помощью методов рентгеновской дифрактометрии и электронной микроскопии, измерения структурно-чувствительной характеристики — напряжения сдвига in situ от деформации. Влияние криогенной температуры деформации заключается в особом характере изменения структуры и напряжения сдвига образующихся сплавов, что, в свою очередь, влияет на состав твердого раствора и кинетику структурных превращений, а также механические свойства.},
  doi             = {10.31044/1684-579X-2018-0-8-7-12},
  mendeley-groups = {Oun articles},
}

@Article{vakbibl7,
  author    = {Yaroslavzev, A. A. and Evdokimov, I. A. and Kulnitskiy, B. A. and Perezhogin, I. A. and Blank, V. D. and Pakhomov, I. V. and Denisov, V. V.},
  title     = {Phase transformations in Zr under high-pressure and shear deformation treatment},
  journal   = {Materials Research Express},
  year      = {2019},
  volume    = {6},
  number    = {4},
  pages     = {046506},
  month     = {jan},
  doi       = {10.1088/2053-1591/aaf999},
  publisher = {{IOP} Publishing},
}

@Article{vakbibl8,
author   = {Yaroslavzev, Alexey and
Mironov, Andrei and
Kuznetsov, Alexey and
Dudka, Alexander and
Khrykina, Olga},
title    = {Tennantite: Multi-temperature crystal structure, phase transition, and electronic structure of synthetic ${Cu_{12}As_{4}S_{13}}$},
journal  = {Acta Crystallographica Section B},
year     = {2019},
volume = {75},
number = {4},
pages = {634--642},
month = {Aug},
doi      = {10.1107/S2052520619007595},
url = {https://doi.org/10.1107/S2052520619007595}
}

@article{vakbibl9,
  doi = {10.1016/j.jssc.2021.122061},
  url = {https://doi.org/10.1016/j.jssc.2021.122061},
  year = {2021},
  month = may,
  publisher = {Elsevier {BV}},
  volume = {297},
  pages = {122061},
  author = {Alexey A. Yaroslavzev and Alexey N. Kuznetsov and Alexander P. Dudka and Andrei V. Mironov and Sergey G. Buga and Vladimir V. Denisov},
  title = {Laves polyhedra in synthetic tennantite,  ${Cu_{12}As_{4}S_{13}}$,  and its lattice dynamics},
  journal = {Journal of Solid State Chemistry}
}
@Comment{jabref-meta: databaseType:bibtex;}
