% Encoding: UTF-8

@Article{bibl1,
  author   = {Ярославцев, А. А. and Незнахин, Д. С. and Аликин, Д. О. and Бабушкин, А. Н.},
  title    = {Магнитный фазовый переход в синтетическом теннантите ${Cu_{12}As_{4}S_{13}}$ в диапазоне температур 120--130 К},
  journal  = {Перспективные материалы},
  year     = {2016},
  volume   = {2},
  pages    = {12--16},
  language = {russian},
}

@CONFERENCE{bib2,
  author = {Фамилия, И. О.},
  title = {название тезисов конференции},
  booktitle = {Название сборника},
  year = {2012},
  language = {russian},
}

@Comment{jabref-meta: databaseType:bibtex;}
